%% Created using Papers on Fri, 12 Oct 2012.
%% http://mekentosj.com/papers/


%% Refereed Publications %%

@webpage{Marshall:wh,
author = {Marshall, Lewis A and Wu, Liang Li and Babikian, Sarkis and Bachman, Mark and Santiago, Juan G},
journal = {Analytical chemistry},
title = {{Integrated Printed Circuit Board Device for Cell Lysis and Nucleic Acid Extraction
}},
url = {http://pubs.acs.org/doi/abs/10.1021/ac302622v}
}

@article{Marshall:2011bw,
author = {Marshall, Lewis A. and Han, Crystal M. and Santiago, Juan G.},
title = {{Extraction of DNA from Malaria-Infected Erythrocytes Using Isotachophoresis}},
journal = {Analytical chemistry},
year = {2011},
volume = {83},
number = {24},
pages = {9715--9718},
month = nov
}

@article{GarciaSchwarz:2011hj,
author = {Garcia-Schwarz, G. and Bercovici, M. and Marshall, Lewis A. and Santiago, Juan G.},
title = {{Sample dispersion in isotachophoresis}},
journal = {Journal of Fluid Mechanics},
year = {2011},
volume = {679},
number = {-1},
pages = {455--475},
month = may
}

@article{Persat:2009wc,
author = {Persat, Alexandre and Marshall, Lewis A. and Santiago, Juan G.},
title = {{Purification of nucleic acids from whole blood using isotachophoresis}},
journal = {Analytical chemistry},
year = {2009},
volume = {81},
number = {22},
pages = {9507--9511},
month = nov
}

%% Conference Publications %%


@article{suss2009concentration,
author = {Suss, M. and Marshall, Lewis A. and Zangle, T.A. and Santiago, Juan G.},
title = {{Concentration polarization in electroosmotic pumps}},
journal = {ECS Transactions},
year = {2009}
}



@inproceedings{Wu:tm,
author = {Wu, Liang Li and Marshall, Lewis A. and Babikian, Sarkis and Han, C.M. and Santiago, Juan G. and Bachman, Mark},
title = {{A Printed  Circuit Board Based Microfluidic System for Point-of-Care Diagnostic Applications
}},
booktitle = {Proceeedings of the 15th International Conference on Miniaturized Systems for Chemistry and Life Sciences},
organization = {University of California Irvine, Stanford University}, 
year={2011}
}

@inproceedings{Marshall:wk,
author = {Marshall, Lewis A. and Wu, Liang Li and Han, C.M. and Bachman, Mark and Santiago, Juan G.},
title = {{On-Chip Integration of Lysis and Nucleic Acid Preparation of Malaria-Infected Blood}},
booktitle = {Proceeedings of the 15th International Conference on Miniaturized Systems for Chemistry and Life Sciences},
organization = {Stanford University, University of California Irvine}, 
year={2011}
}

%% Conference Talks %%

@inproceedings{Marshall:utas2011,
title={On-Chip Integration of Lysis and Nucleic Acid Preparation of Malaria-Infected Blood},
author = {Marshall, Lewis A. and Wu, Liang Li and Han, C.M. and Bachman, Mark and Santiago, Juan G.},
year = {2011},
note= {15th International Conference on Miniaturized Systems for Chemistry and Life Sciences (microTAS 2011)},
}

@inproceedings{Marshall:aiche2012,
title={A Novel Device for Highly Efficient Extraction of Nucleic Acids From 10 $\mu$L Whole Blood Samples},
author = {Marshall, Lewis A. and Rogacs, A. and Santiago, Juan G.},
year = {2012},
note= {American Institute of Chemical Engineers Annual Meeting (AIChE 2012)},
}

@inproceedings{Marshall:MSB2013,
title={Simultaneous Purification and Fractionation of Nucleic Acids and Proteins from Complex Samples using Isotachophoresis},
author = {Marshall, Lewis A. and Qu, Yatian and Santiago, Juan G.},
year = {2013},
note= {The International Symposium on Microscale Bioseparations (MSB 2013)},
}

%% In Prep %%

@article{20ul_device,
title={A novel device for extraction of nucleic acids from 20 microliter samples at high efficiency},
author = {Marshall, Lewis A. and Rogacs, A. and Santiago, Juan G.},
note= {In Preparation},
}

@article{design,
title={Design and Optimization for Purification using Microchip Isotachophoresis},
author = {Marshall, Lewis A. and Santiago, Juan G.},
note= {In Preparation},
}

@article{survey,
title={Survey of Contemporary Challenges in Sample Preparation of Nucleic Acids from Biological Fluids},
author = {Marshall, Lewis A. and Rose, K. and Santiago, Juan G.},
note= {In Preparation},
}







